@INPROCEEDINGS{art:bc1, 
author={R. {Raju} and M. {SaiVignesh} and K. I. A. {Prasad}}, 
booktitle={2018 International Conference on Computation of Power, Energy, Information and Communication (ICCPEIC)}, 
title={A Study of Current Cryptocurrency Systems}, 
year={2018}, 
volume={}, 
number={}, 
pages={203-209}, 
keywords={cryptography;data mining;electronic money;financial data processing;current cryptocurrency systems;secure ledger data structure;consigned ledger data structure;peer to-peer end sub-systems;secure mining algorithms;mining strategy;cryptocurrencies;bitcoins;blockchain;financial software systems;Bitcoin;Data mining;Task analysis;Cryptocurrency;Mining;Blockchain;bitcoin;argon2d}, 
doi={10.1109/ICCPEIC.2018.8525166}, 
ISSN={2576-9065}, 
month={03}
}

@INPROCEEDINGS{art:bc2, 
author={S. {Ghimire} and D. H. {Selvaraj}}, 
booktitle={2018 26th International Conference on Systems Engineering (ICSEng)}, 
title={A Survey on Bitcoin Cryptocurrency and its Mining}, 
year={2018}, 
volume={}, 
number={}, 
pages={1-6}, 
keywords={cryptocurrencies;distributed databases;peer-to-peer computing;Bitcoin cryptocurrency;peer-to-peer digital decentralized cryptocurrency;digital decentralized currency;digital cryptocurrency;secure payment methods;easy payment methods;mining process;blockchain;Bitcoin;Blockchain;Hardware;Software;Data mining;Proof of work;Bitcoin;Cryptocurrency;Blockchain;Proof of work;mining;SHA-256}, 
doi={10.1109/ICSENG.2018.8638208}, 
ISSN={}, 
month={12}
}

@article{art:MM1,
  author    = {Riktesh Srivastava},
  title     = {Blockchain and transaction Processing time Using M/M/1 Queue Model},
  journal   = {International Journal of Recent Technology and Engineering},
  year      = {2019}
}

@article{art2:MG1,
 author = {Ricci, Saulo and Ferreira, Eduardo and Menasche, Daniel Sadoc and Ziviani, Artur and Souza, Jose Eduardo and Vieira, Alex Borges},
 title = {Learning Blockchain Delays: A Queueing Theory Approach},
 journal = {SIGMETRICS Perform. Eval. Rev.},
 issue_date = {December 2018},
 volume = {46},
 number = {3},
 month = {01},
 year = {2019},
 issn = {0163-5999},
 pages = {122--125},
 numpages = {4},
 url = {http://doi.acm.org/10.1145/3308897.3308952},
 doi = {10.1145/3308897.3308952},
 acmid = {3308952},
 publisher = {ACM},
 address = {New York, NY, USA},
 keywords = {bitcoin, delay, queueing theory},
}

@article{art3:MG^B1,
author = {Kasahara, Shoji and Kawahara, Jun},
year = {2016},
month = {03},
title = {Priority Mechanism of Bitcoin and Its Effect on Transaction-Confirmation Process}
}

@article{art4:GM1,
  author    = {Quan{-}Lin Li and
               Jing{-}Yu Ma and
               Yan{-}Xia Chang},
  title     = {Blockchain Queueing Theory},
  journal   = {CoRR},
  volume    = {abs/1808.01795},
  year      = {2018},
  url       = {http://arxiv.org/abs/1808.01795},
  archivePrefix = {arXiv},
  eprint    = {1808.01795},
  timestamp = {Sun, 02 Sep 2018 15:01:57 +0200},
  biburl    = {https://dblp.org/rec/bib/journals/corr/abs-1808-01795},
  bibsource = {dblp computer science bibliography, https://dblp.org}
}

@online{sito:bitcoin,
author = {Bitcoin.org},
date = {2014},
url = {https://bitcoin.org/en/blockchain-guide},
title = {Introduction to Bitcoin Blockchain}
}

@article{art:satoshi,
author = {Nakamoto, Satoshi},
year = {2009},
month = {03},
title = {Bitcoin: A Peer-to-Peer Electronic Cash System},
journal = {Cryptography Mailing list at https://metzdowd.com}
}

@article{libro:tele,
author = {Benvenuto, Nevio and Zorzi, Michele},
year = {2011},
month = {09},
title = {Principles of Communications Networks and Systems},
journal = {Principles of Communications Networks and Systems},
doi = {10.1002/9781119978589}
}

@book{libro:bitcoin,
 author = {Antonopoulos, Andreas M.},
 title = {Mastering Bitcoin: Unlocking Digital Cryptocurrencies},
 year = {2014},
 isbn = {9781449374044},
 edition = {1st},
 publisher = {O'Reilly Media, Inc.},
} 

@thesis{tesi:venezia,
 author = {Zen, Alberto},
 title = {Bitcoin - Analisi Tecnica ed Economica},
 date = {2015},
 institution = {Università Ca' Foscari Venezia},
 type = {Tesi di Laurea}
}

@book{libro:tempo-MG1, 
 place={Cambridge}, 
 title={Performance Modeling and Design of Computer Systems: Queueing Theory in Action}, DOI={10.1017/CBO9781139226424}, publisher={Cambridge University Press}, 
 author={Harchol-Balter, Mor}, 
 year={2013}
}

@online{sito:tempo-btc,
author = {data.bitcoinity.org},
date = {2019},
url = {https://data.bitcoinity.org/bitcoin/block_time/all?f=m10&t=l},
title = {Average time to mine a block in minutes}
}
